@article{ijcai15,
    title={Personalized tour recommendation based on user interests and points of interest visit durations},
    author={Lim, Kwan Hui and Chan, Jeffrey and Leckie, Christopher and Karunasekera, Shanika},
    journal={Proceedings of the 24th International Joint Conference on Artificial Intelligence (IJCAI'15)},
    year={2015}
}

@misc{foursquare,
    author = {{Foursquare}},
    title = {About Us},
    howpublished = {\url{https://foursquare.com/about}},
    year = {2016}, 
    note = {Accessed: 2016-01-11}
}

@inproceedings{twitter,
    title={Spatio-temporal dynamics of online memes: a study of geo-tagged tweets},
    author={Kamath, Krishna Y and Caverlee, James and Lee, Kyumin and Cheng, Zhiyuan},
    booktitle={Proceedings of the 22nd international conference on World Wide Web},
    pages={667--678},
    year={2013},
    organization={International World Wide Web Conferences Steering Committee}
}

@article{flickr,
    title={Travel recommendation using geo-tagged photos in social media for tourist},
    author={Memon, Imran and Chen, Ling and Majid, Abdul and Lv, Mingqi and Hussain, Ibrar and Chen, Gencai},
    journal={Wireless Personal Communications},
    volume={80},
    number={4},
    pages={1347--1362},
    year={2015},
    publisher={Springer}
}

@inproceedings{facebook,
    title={Location3: How users share and respond to location-based data on social networking sites},
    author={Chang, Jonathan and Sun, Eric},
    booktitle={Proceedings of the Fifth International AAAI Conference on Weblogs and Social Media},
    pages={74--80},
    year={2011}
}

@article{traj_review,
    title={Trajectory data mining: an overview},
    author={Zheng, Yu},
    journal={ACM Transactions on Intelligent Systems and Technology (TIST)},
    volume={6},
    number={3},
    pages={29},
    year={2015},
    publisher={ACM}
}

@inproceedings{ijcai13,
    title={Where you like to go next: Successive point-of-interest recommendation},
    author={Cheng, Chen and Yang, Haiqin and Lyu, Michael R and King, Irwin},
    booktitle={Proceedings of the Twenty-Third international joint conference on Artificial Intelligence},
    pages={2605--2611},
    year={2013},
    organization={AAAI Press}
}

@inproceedings{aaai16,
    title={Predicting the Next Location: A Recurrent Model with Spatial and Temporal Contexts},
    author={Liu, Qiang and Wu, Shu and Wang, Liang and Tan, Tieniu},
    booktitle={Proceedings of the Thirtieth AAAI Conference on Artificial Intelligence (AAAI-16)},
    year={2016},
}

@article{lranksvm,
    title={Large-scale linear ranksvm},
    author={Lee, Ching-Pei and Lin, Chuan-bi},
    journal={Neural computation},
    volume={26},
    number={4},
    pages={781--817},
    year={2014},
    publisher={MIT Press}
}

@misc{wiki_haversine,
    author = {Wikipedia},
    title = {Haversine formula},
    howpublished = {\url{https://en.wikipedia.org/wiki/Haversine_formula}},
    year = {2016}, 
    note = {Accessed: 2016-01-11}
}

@article{haversine,
    title={Virtues of the Haversine},
    author={Sinnott, Roger W},
    journal={Sky and telescope},
    volume={68},
    number={2},
    pages={159},
    year={1984}
}

@misc{wiki_earth_radius,
    author = {Wikipedia},
    title = {Earth radius},
    howpublished = {\url{https://en.wikipedia.org/wiki/Earth_radius#Mean_radius}},
    year = {2016}, 
    note = {Accessed: 2016-01-11}
}

@article{earth_radius,
    title={Geodetic reference system 1980},
    author={Moritz, Helmut},
    journal={Journal of Geodesy},
    volume={54},
    number={3},
    pages={395--405},
    year={1980},
    publisher={Springer}
}

@inproceedings{settles08,
    title={An analysis of active learning strategies for sequence labeling tasks},
    author={Settles, Burr and Craven, Mark},
    booktitle={Proceedings of the conference on empirical methods in natural language processing},
    pages={1070--1079},
    year={2008},
    organization={Association for Computational Linguistics}
}

@article{yfcc100m,
    title={The new data and new challenges in multimedia research},
    author={Thomee, Bart and Shamma, David A and Friedland, Gerald and Elizalde, Benjamin and Ni, Karl and Poland, Douglas and Borth, Damian and Li, Li-Jia},
    journal={arXiv preprint arXiv:1503.01817},
    year={2015}
}

@inproceedings{bpr09,
    title={BPR: Bayesian personalized ranking from implicit feedback},
    author={Rendle, Steffen and Freudenthaler, Christoph and Gantner, Zeno and Schmidt-Thieme, Lars},
    booktitle={Proceedings of the Twenty-Fifth Conference on Uncertainty in Artificial Intelligence},
    pages={452--461},
    year={2009},
    organization={AUAI Press}
}

@inproceedings{fpmc10,
    title={Factorizing personalized markov chains for next-basket recommendation},
    author={Rendle, Steffen and Freudenthaler, Christoph and Schmidt-Thieme, Lars},
    booktitle={Proceedings of the 19th international conference on World wide web},
    pages={811--820},
    year={2010},
    organization={ACM}
}

@article{platt99,
    title={Probabilistic outputs for support vector machines and comparisons to regularized likelihood methods},
    author={Platt, John C},
    journal={Advances in large margin classifiers},
    volume={10},
    number={3},
    pages={61--74},
    year={1999},
    publisher={Cambridge, MA}
}

@article{plattnote07,
    title={A note on Plattâ€™s probabilistic outputs for support vector machines},
    author={Lin, Hsuan-Tien and Lin, Chih-Jen and Weng, Ruby C},
    journal={Machine learning},
    volume={68},
    number={3},
    pages={267--276},
    year={2007},
    publisher={Springer}
}

@inproceedings{ht10,
    title={Automatic construction of travel itineraries using social breadcrumbs},
    author={De Choudhury, Munmun and Feldman, Moran and Amer-Yahia, Sihem and Golbandi, Nadav and Lempel, Ronny and Yu, Cong},
    booktitle={Proceedings of the 21st ACM conference on Hypertext and hypermedia},
    pages={35--44},
    year={2010},
    organization={ACM}
}

@article{ssvm09,
    title={Cutting-plane training of structural SVMs},
    author={Joachims, Thorsten and Finley, Thomas and Yu, Chun-Nam John},
    journal={Machine Learning},
    volume={77},
    number={1},
    pages={27--59},
    year={2009},
    publisher={Springer}
}

@inproceedings{crf01,
    title={Conditional Random Fields: Probabilistic Models for Segmenting and Labeling Sequence Data},
    author={Lafferty, John and McCallum, Andrew and Pereira, Fernando CN},
    booktitle={Proceedings of the 18th International Conference on Machine Learning},
    volume={951},
    pages={282--289},
    year={2001}
}

@article{kendalltau,
    title={A new measure of rank correlation},
    author={Kendall, Maurice G},
    journal={Biometrika},
    volume={30},
    number={1/2},
    pages={81--93},
    year={1938},
    publisher={JSTOR}
}

@inproceedings{wsdm14,
    title={Customized tour recommendations in urban areas},
    author={Gionis, Aristides and Lappas, Theodoros and Pelechrinis, Konstantinos and Terzi, Evimaria},
    booktitle={Proceedings of the 7th ACM international conference on Web search and data mining},
    pages={313--322},
    year={2014},
    organization={ACM}
}


@article{tripbuilder15,
    title={On planning sightseeing tours with TripBuilder},
    author={Brilhante, Igo Ramalho and Macedo, Jose Antonio and Nardini, Franco Maria and Perego, Raffaele and Renso, Chiara},
    journal={Information Processing \& Management},
    volume={51},
    number={2},
    pages={1--15},
    year={2015},
    publisher={Elsevier}
}

@inproceedings{ht14,
    title={The shortest path to happiness: Recommending beautiful, quiet, and happy routes in the city},
    author={Quercia, Daniele and Schifanella, Rossano and Aiello, Luca Maria},
    booktitle={Proceedings of the 25th ACM conference on Hypertext and social media},
    pages={116--125},
    year={2014},
    organization={ACM}
}

@article{geophoto13,
    title={Travel route recommendation using geotagged photos},
    author={Kurashima, Takeshi and Iwata, Tomoharu and Irie, Go and Fujimura, Ko},
    journal={Knowledge and information systems},
    volume={37},
    number={1},
    pages={37--60},
    year={2013},
    publisher={Springer}
}

@article{travel13,
    title={Travel recommendation by mining people attributes and travel group types from community-contributed photos},
    author={Chen, Yan-Ying and Cheng, An-Jung and Hsu, Winston H},
    journal={IEEE Transactions on Multimedia},
    volume={15},
    number={6},
    pages={1283--1295},
    year={2013},
    publisher={IEEE}
}
