@inproceedings{lim15,
    title={Personalized tour recommendation based on user interests and points of interest visit durations},
    author={Lim, Kwan Hui and Chan, Jeffrey and Leckie, Christopher and Karunasekera, Shanika},
    booktitle={Proceedings of the 24th International Joint Conference on Artificial Intelligence (IJCAI'15)},
    year={2015}
}

@inproceedings{kim06,
    title={Mmr-based active machine learning for bio named entity recognition},
    author={Kim, Seokhwan and Song, Yu and Kim, Kyungduk and Cha, Jeong-Won and Lee, Gary Geunbae},
    booktitle={Proceedings of the Human Language Technology Conference of the NAACL, Companion Volume: Short Papers},
    pages={69--72},
    year={2006},
    organization={Association for Computational Linguistics}
}

@inproceedings{settles08,
    title={An analysis of active learning strategies for sequence labeling tasks},
    author={Settles, Burr and Craven, Mark},
    booktitle={Proceedings of the conference on empirical methods in natural language processing},
    pages={1070--1079},
    year={2008},
    organization={Association for Computational Linguistics}
}
